@INPROCEEDINGS{Lecun98gradient-basedlearning,
    author = {Yann Lecun and LÃ©on Bottou and Yoshua Bengio and Patrick Haffner},
    title = {Gradient-based learning applied to document recognition},
    booktitle = {Proceedings of the IEEE},
    year = {1998},
    pages = {2278--2324}
}

@INPROCEEDINGS{Cun90handwrittendigit,
    author = {Le Cun and B. Boser and J. S. Denker and D. Henderson and R. E. Howard and W. Hubbard and L. D. Jackel},
    title = {Handwritten Digit Recognition with a Back-Propagation Network},
    booktitle = {Advances in Neural Information Processing Systems},
    year = {1990},
    pages = {396--404},
    publisher = {Morgan Kaufmann}
}

@INPROCEEDINGS{Krizhevsky_imagenetclassification,
    author = {Alex Krizhevsky and Ilya Sutskever and Geoffrey E. Hinton},
    title = {Imagenet classification with deep convolutional neural networks},
    booktitle = {Advances in Neural Information Processing Systems},
    year = {},
    pages = {2012}
}

@MISC{Hinton_rectifiedlinear,
    author = {Geoffrey E. Hinton},
    title = {Rectified Linear Units Improve Restricted Boltzmann Machines Vinod Nair},
    year = {}
}

@MISC{Simonyan14verydeep,
    author = {Karen Simonyan and Andrew Zisserman},
    title = {Very deep convolutional networks for large-scale image recognition},
    year = {2014}
}

@MISC{Szegedy14goingdeeper,
    author = {Christian Szegedy and Wei Liu and Yangqing Jia and Pierre Sermanet and Scott Reed and Dragomir Anguelov and Dumitru Erhan and Vincent Vanhoucke and Andrew Rabinovich},
    title = {Going deeper with convolutions},
    year = {2014}
}

@MISC{minlin,
    author = {Min Lin and Qiang Chen and Shuicheng Yan},
    title = {Network in Network},
    year = {2013}
}

@article{He2016DeepRL,
  title={Deep Residual Learning for Image Recognition},
  author={Kaiming He and Xiangyu Zhang and Shaoqing Ren and Jian Sun},
  journal={2016 IEEE Conference on Computer Vision and Pattern Recognition (CVPR)},
  year={2016},
  pages={770-778}
}

@article{Wu2016GooglesNM,
  title={Google's Neural Machine Translation System: Bridging the Gap between Human and Machine Translation},
  author={Yonghui Wu and Mike Schuster and Zhifeng Chen and Quoc V. Le and Mohammad Norouzi and Wolfgang Macherey and Maxim Krikun and Yuan Cao and Qin Gao and Klaus Macherey and Jeff Klingner and Apurva Shah and Melvin Johnson and Xiaobing Liu and Lukasz Kaiser and Stephan Gouws and Yoshikiyo Kato and Taku Kudo and Hideto Kazawa and Keith Stevens and George Kurian and Nishant Patil and Wei Wang and Cliff Young and Jason Smith and Jason Riesa and Alex Rudnick and Oriol Vinyals and Gregory S. Corrado and Macduff Hughes and Jeffrey Dean},
  journal={CoRR},
  year={2016},
  volume={abs/1609.08144}
}

@inproceedings{Oord2016WaveNetAG,
  title={WaveNet: A Generative Model for Raw Audio},
  author={A{\"a}ron van den Oord and Sander Dieleman and Heiga Zen and Karen Simonyan and Oriol Vinyals and Alex Graves and Nal Kalchbrenner and Andrew W. Senior and Koray Kavukcuoglu},
  booktitle={SSW},
  year={2016}
}

@inproceedings{Vaswani2017AttentionIA,
  title={Attention Is All You Need},
  author={Ashish Vaswani and Noam Shazeer and Niki Parmar and Jakob Uszkoreit and Llion Jones and Aidan N. Gomez and Lukasz Kaiser and Illia Polosukhin},
  booktitle={NIPS},
  year={2017}
}

@article{Shelhamer2015FullyCN,
  title={Fully Convolutional Networks for Semantic Segmentation},
  author={Evan Shelhamer and Jonathan Long and Trevor Darrell},
  journal={2015 IEEE Conference on Computer Vision and Pattern Recognition (CVPR)},
  year={2015},
  pages={3431-3440}
}

@article{Noh2015LearningDN,
  title={Learning Deconvolution Network for Semantic Segmentation},
  author={Hyeonwoo Noh and Seunghoon Hong and Bohyung Han},
  journal={2015 IEEE International Conference on Computer Vision (ICCV)},
  year={2015},
  pages={1520-1528}
}


@inproceedings{girshick2014rcnn
,	author	= {Ross Girshick and

	Jeff Donahue and

	Trevor Darrell and

	Jitendra Malik}
,	title	= {Rich feature hierarchies for accurate

	object detection and semantic segmentation}
,	booktitle	= {Proceedings of the IEEE Conference on

	Computer Vision and Pattern Recognition (CVPR)}
,	year	= {2014}
}

@article{Girshick2015FastR,
  title={Fast R-CNN},
  author={Ross B. Girshick},
  journal={2015 IEEE International Conference on Computer Vision (ICCV)},
  year={2015},
  pages={1440-1448}
}

@article{He2017MaskR,
  title={Mask R-CNN},
  author={Kaiming He and Georgia Gkioxari and Piotr Doll{\'a}r and Ross B. Girshick},
  journal={2017 IEEE International Conference on Computer Vision (ICCV)},
  year={2017},
  pages={2980-2988}
}

@article{Redmon2016YouOL,
  title={You Only Look Once: Unified, Real-Time Object Detection},
  author={Joseph Redmon and Santosh Kumar Divvala and Ross B. Girshick and Ali Farhadi},
  journal={2016 IEEE Conference on Computer Vision and Pattern Recognition (CVPR)},
  year={2016},
  pages={779-788}
}

@article{Redmon2018YOLOv3AI,
  title={YOLOv3: An Incremental Improvement},
  author={Joseph Redmon and Ali Farhadi},
  journal={CoRR},
  year={2018},
  volume={abs/1804.02767}
}

@article{Lin2018FocalLF,
  title={Focal Loss for Dense Object Detection},
  author={Tsung-Yi Lin and Priya Goyal and Ross B. Girshick and Kaiming He and Piotr Doll{\'a}r},
  journal={IEEE transactions on pattern analysis and machine intelligence},
  year={2018}
}